<record><leader>00000cas a22000007a 4500</leader><controlfield tag="001">16859562</controlfield><controlfield tag="008">871016d19751978txuwr ne      0    0eng d</controlfield><datafield ind1=" " ind2=" " tag="010"><subfield code="a">sn 87091022 </subfield></datafield><datafield ind1=" " ind2=" " tag="040"><subfield code="a">PPM</subfield><subfield code="b">eng</subfield><subfield code="c">PPM</subfield><subfield code="d">OCLCQ</subfield></datafield><datafield ind1=" " ind2=" " tag="042"><subfield code="a">msc</subfield></datafield><datafield ind1="0" ind2="4" tag="245"><subfield code="a">The Libertarian.</subfield></datafield><datafield ind1=" " ind2=" " tag="260"><subfield code="a">Liberty Hill, Tex. :</subfield><subfield code="b">Ellis Posey,</subfield><subfield code="c">1975-1978.</subfield></datafield><datafield ind1=" " ind2=" " tag="310"><subfield code="a">Weekly</subfield></datafield><datafield ind1=" " ind2=" " tag="321"><subfield code="a">Monthly</subfield></datafield><datafield ind1="0" ind2=" " tag="362"><subfield code="a">Vol. 1, no. 1 (Feb., 1975)-v. 3, no. 47 (Apr. 13, 1978).</subfield></datafield><datafield ind1=" " ind2=" " tag="752"><subfield code="a">United States</subfield><subfield code="b">Texas</subfield><subfield code="c">Williamson</subfield><subfield code="d">Liberty Hill.</subfield></datafield><datafield ind1="0" ind2="4" tag="785"><subfield code="t">Hill country news</subfield></datafield></record>